@article{example-citation,
  author = {First Author and Second Author and Third Author},
  doi = {doi/123456},
  title = {Reference Example},
  journal = {Nonexistant Journal},
  number = {1},
  volume = {1},
  year = {2022},
  pages = {1-5}
}
